% Encoding: UTF-8

@Online{BNetzA2020,
  author  = {{Bundesnetzagentur für Elektrizität, Gas, Telekommunikation, Post und Eisenbahnen}},
  date    = {2020-06-26},
  title   = {Genehmigung des Szenariorahmens 2021-2035},
  url     = {https://www.netzentwicklungsplan.de/sites/default/files/paragraphs-files/Szenariorahmen_2035_Genehmigung.pdf},
  urldate = {2020-09-14},
  groups  = {Studien},
}

@Online{DEAGH2018,
  author   = {{Deutsche Energie-Agentur GmbH (dena)}},
  date     = {2018-07},
  title    = {dena-Leitstudie Integrierte Energiewende},
  url      = {https://www.dena.de/fileadmin/dena/Dokumente/Pdf/9261_dena-Leitstudie_Integrierte_Energiewende_lang.pdf},
  urldate  = {2020-09-14},
  subtitle = {Impulse für die Gestaltung des Energiesystems bis 2050},
  groups   = {Studien},
}

@Online{BCG2018,
  author  = {{The Boston Consulting Group GmbH} and {Prognos AG}},
  date    = {2018-01},
  title   = {Klimapfade für Deutschland},
  url     = {https://www.prognos.com/uploads/tx_atwpubdb/20180118_BDI_Studie_Klimapfade_fuer_Deutschland_01.pdf},
  urldate = {2020-09-14},
  groups  = {Studien},
}

@Online{Agora2019,
  author   = {{Agora Verkehrswende} and {Agora Energiewende} and {Regulatory Assistance Project (RAP)}},
  date     = {2019-08},
  title    = {Verteilnetzausbau für die Energiewende},
  url      = {https://www.agora-energiewende.de/fileadmin2/Projekte/2018/Netzausbau_Elektromobilitaet/Agora-Verkehrswende_Agora-Energiewende_EV-Grid_WEB.pdf},
  urldate  = {2020-09-14},
  subtitle = {Elektromobilität im Fokus},
  groups   = {Studien},
}

@Online{PrognosAG2014,
  author   = {{Prognos AG} and {EWI - Energiewirtschaftliches Institut an der Universität zu Köln} and {Gesellschaft für Wirtschaftliche Strukturforschung mbH (GWS)}},
  date     = {2014-06},
  title    = {Entwicklung der Energiemärkte – Energiereferenzprognose},
  url      = {https://www.bmwi.de/Redaktion/DE/Publikationen/Studien/entwicklung-der-energiemaerkte-energiereferenzprognose-endbericht.pdf?__blob=publicationFile&v=7},
  urldate  = {2020-09-15},
  subtitle = {Projekt Nr. 57/12 - Studie im Auftrag des Bundesministeriums für Wirtschaft und Technologie},
  groups   = {Studien},
}

@Online{Shell2014,
  author   = {{Shell Deutschland Oil GmbH} and {Prognos AG}},
  date     = {2014},
  title    = {Shell PKW-Szenarien bis 2040},
  url      = {https://www.prognos.com/uploads/tx_atwpubdb/140900_Prognos_Shell_Studie_Pkw-Szenarien2040.pdf},
  urldate  = {2020-09-15},
  subtitle = {Fakten, Trends und Perspektiven für Auto-Mobilität},
  groups   = {Studien},
}

@Article{Schill2015,
  author  = {Wolf-Peter Schill and Clemens Gerbaulet},
  date    = {2015-10-15},
  journal = {Applied Energy},
  title   = {Power system impacts of electric vehicles in Germany: Charging with coal or renewables?},
  year    = {2015},
  doi     = {https://doi.org/10.1016/j.apenergy.2015.07.012},
  groups  = {Studien},
}

@Online{Kanudia2016,
  author  = {Amit Kanudia and Pascal Gastineau and T. Bachmann and P. Preiss and A. Stoffregen and Simon Vinot and Benoit Cheze and Stéphane Tchung-Ming and Frédérique Bouvart},
  date    = {2016-04-22},
  title   = {Scenarios for the Electrification of Transport},
  url     = {https://hal.archives-ouvertes.fr/hal-01306270},
  urldate = {2020-09-15},
  groups  = {Studien},
}

@Online{OekoInstitut2016,
  author  = {{Öko-Institut e. V.}},
  date    = {2016},
  title   = {ENDBERICHT RENEWBILITY III},
  url     = {http://www.renewbility.de/wp-content/uploads/Renewbility_III_Endbericht.pdf},
  urldate = {2020-09-15},
  groups  = {Studien},
}

@Online{Knoerr2016,
  author  = {Wolfram Knörr and Christoph Heidt and Sabine Gores (Öko-Institut) and Fabian Bergk and {Ifeu-Institut für Energie- und Umweltforschung Heidelberg GmbH}},
  date    = {2016-01-31},
  title   = {„Aktualisierung „Daten- und Rechenmodell: Energieverbrauch und Schadstoffemissionen des motorisierten Verkehrs in Deutschland 1960-2035“ (TREMOD) für die Emissionsberichterstattung 2016 (Berichtsperiode 1990-2014)},
  url     = {https://www.ifeu.de/wp-content/uploads/Endbericht_TREMOD_2016_160701.pdf},
  urldate = {2020-09-15},
  groups  = {Studien},
}

@Online{Kasten2016,
  author   = {Peter Kasten and Moritz Mottschall and Wolfgang Köppel and Charlotte Degünther and Martin Schmied and Philipp Wüthrich},
  date     = {2016-05},
  title    = {Erarbeitung einer fachlichen Strategie zur Energieversorgung des Verkehrs bis zum Jahr 2050},
  url      = {https://www.umweltbundesamt.de/sites/default/files/medien/377/publikationen/2016-11-10_endbericht_energieversorgung_des_verkehrs_2050_final.pdf},
  urldate  = {2020-09-15},
  subtitle = {Endbericht},
  groups   = {Studien},
}

@Online{Timpe2017,
  author  = {Christof Timpe and Joß Bracker and Florian Hacker and Markus Haller and Peter Kasten and Peter-Philipp Schierhorn and Nis Martensen},
  date    = {2017-05-23},
  title   = {Handlungsbedarf und -optionen zur Sicherstellung des Klimavorteils der Elektromobilität},
  url     = {https://www.oeko.de/fileadmin/oekodoc/Klimavorteil-E-Mob-Endbericht.pdf},
  urldate = {2020-09-15},
  groups  = {Studien},
}

@Online{OekoInstitut2015,
  author   = {{Öko-Institut e.V.} and {Fraunhofer Institut für System- und Innovationsforschung} and Hans-Joachim Ziesing},
  date     = {2015-12-18},
  title    = {Klimaschutzszenario 2050},
  url      = {https://www.oeko.de/oekodoc/2451/2015-608-de.pdf},
  urldate  = {2020-09-15},
  subtitle = {2. Endbericht},
  groups   = {Studien},
}

@Online{Pfluger2017,
  author  = {Benjamin Pfluger and Tobias Fleiter and Lukas Kranzl and Michael Hartner and Wolfgang Schade and Anna Hennecke and Horst Fehrenbach and Lars Brischke and Bernd Tersteegen and Frank Sensfuß and Jan Steinbach},
  date    = {2017-05},
  title   = {Langfristszenarien für die Transformation des Energiesystems in Deutschland},
  url     = {https://www.bmwi.de/Redaktion/DE/Downloads/B/berichtsmodul-10-a-bericht-reduktion-der-treibhausgasemissionen-deutschlands-langfassung.pdf?__blob=publicationFile&v=4},
  urldate = {2020-09-15},
  groups  = {Studien},
}

@Online{Fattler2019,
  author   = {Steffen Fattler and Jochen Conrad and Anika Reget},
  date     = {2019-11},
  title    = {Dynamis Hauptbericht},
  url      = {https://www.ffe.de/attachments/article/628/Dynamis_Hauptbericht.pdf},
  urldate  = {2020-09-15},
  subtitle = {Dynamische und intersektorale Maßnahmenbewertung zur kosteneffizienten Dekarbonisierung des Energiesystems},
  groups   = {Studien},
}

@Online{Hacker2014,
  author   = {Florian Hacker and Ruth Blanck and Friederike Hülsmann and Peter Kasten and Charlotte Loreck and Sylvie Ludig and Moritz Mottschall and Wiebke Zimmer},
  date     = {2014-09},
  title    = {eMobil 2050},
  url      = {https://www.oeko.de/oekodoc/2114/2014-670-de.pdf},
  urldate  = {2020-09-15},
  subtitle = {Szenarien zum möglichen Beitrag des elektrischen Verkehrs zum langfristigen Klimaschutz},
  groups   = {Studien},
}

@Online{NPE2018,
  author  = {{Nationale Plattform Elektromobilität (NPE)}},
  date    = {2018-05},
  title   = {Fortschrittsbericht 2018 – Markthochlaufphase},
  url     = {http://nationale-plattform-elektromobilitaet.de/fileadmin/user_upload/Redaktion/NPE_Fortschrittsbericht_2018_barrierefrei.pdf},
  urldate = {2020-09-15},
  groups  = {Studien},
}

@Online{NPZMAVE2020,
  author  = {{Nationale Plattform Zukunft der Mobilität - Arbeitsgruppe 5 „Verknüpfung der Verkehrs- und Energienetze, Sektorkopplung"}},
  date    = {2020-04},
  title   = {Bedarfsgerechte und wirtschaftliche öffentliche Ladeinfrastruktur - Plädoyer für ein dynamisches NPM-Modell},
  url     = {https://www.plattform-zukunft-mobilitaet.de/wp-content/uploads/2020/04/NPM-AG-5-Bedarfsgerechte-und-wirtschaftliche-öffentliche-Ladeinfrastruktur.pdf},
  urldate = {2020-09-15},
  groups  = {Studien},
}

@Online{Institut2016,
  author   = {{Öko-Institut e. V.}},
  date     = {2016},
  title    = {Renewbility III},
  url      = {http://renewbility.de/ergebnistool/#!/},
  urldate  = {2020-09-15},
  subtitle = {Ergebnistool},
  groups   = {Website},
}

@Online{DIW2019,
  author   = {{Deutsches Institut für Wirtschaftsforschung (DIW)} and {Deutsches Zentrum für Luft- und Raumfahrt e.V. (DLR)} and {Kraftfahrt-Bundesamt}},
  date     = {2019-09},
  title    = {Verkehr in Zahlen 2019/2020},
  url      = {https://www.bmvi.de/SharedDocs/DE/Publikationen/G/verkehr-in-zahlen-2019-pdf.pdf?__blob=publicationFile},
  urldate  = {2020-09-17},
  subtitle = {48. Jahrgang},
  groups   = {Studien},
}

@Online{DieBundesregierung2019,
  author   = {{Die Bundesregierung}},
  date     = {2019},
  title    = {Masterplan Ladeinfrastruktur der Bundesregierung},
  url      = {https://www.bmvi.de/SharedDocs/DE/Anlage/G/masterplan-ladeinfrastruktur.pdf?__blob=publicationFile},
  urldate  = {2020-09-18},
  subtitle = {Ziele und Maßnahmen für den Ladeinfrastrukturaufbau bis 2030},
  groups   = {Studien},
}

@Online{Ebner2019,
  author   = {Michael Ebner and Steffen Fattler and Kirstin Ganz},
  date     = {2019-12-19},
  title    = {Kurzstudie Elektromobilität},
  url      = {https://www.ffe.de/attachments/article/969/20202027_NEP_Kurzstudie_Emob_Abschlussbericht.pdf},
  urldate  = {2020-09-18},
  subtitle = {Modellierung für die Szenarienentwicklung des Netzentwicklungsplans},
  groups   = {Studien},
}

@Online{Kaul2019,
  author   = {Ashok Kaul and Marcus Hagedorn and Sandra Hartmann and Daniela Heilert and Christian Harter and Ingo Olschewski and Markus Baum and Torsten Henzelmann and Thomas Schlick and Manuel Seid and Manuel Yoon},
  date     = {2019-12},
  title    = {Automobile Wertschöpfung 2030/2050},
  url      = {https://www.bmwi.de/Redaktion/DE/Publikationen/Studien/automobile-wertschoepfung-2030-2050.pdf?__blob=publicationFile&v=16},
  urldate  = {2020-09-18},
  subtitle = {Endbericht},
  groups   = {Studien},
}

@Online{DEAGH2012,
  author   = {{Deutsche Energie-Agentur GmbH (dena)}},
  date     = {2012-12-11},
  title    = {dena-Verteilnetzstudie.},
  url      = {https://www.dena.de/fileadmin/dena/Dokumente/Pdf/9100_dena-Verteilnetzstudie_Abschlussbericht.pdf},
  urldate  = {2020-09-28},
  subtitle = {Ausbau-und Innovationsbedarf der Stromverteilnetze in Deutschland bis 2030.},
  groups   = {Studien},
}

@Online{BDEW2016,
  author   = {{BDEW Bundesverband der Energie- und Wasserwirtschaft e. V.}},
  date     = {2016-10},
  title    = {Energie macht Schule 03},
  url      = {https://inhalte.pixelpark.net/rwe/3male/energie-macht-schule/03/catalogs/energie_macht_schule-03/pdf/complete_print.pdf},
  urldate  = {2020-09-29},
  subtitle = {Stromnetze},
  groups   = {Studien},
}

@Online{Dorendorf2019,
  author  = {S. Dorendorf and U. Ventzke and {EDIS Netz GmbH} and B. Renner and Dr. J. Schmiesing and {Avacon Netz GmbH} and M. Kölbl and Dr. F. Wirtz and {Bayernwerk Netz GmbH} and M. Dau and M. Köhler and {Schleswig-Holstein Netz AG} and Dr. M. Obergünner and H. Paul and {E.ON SE} and D. Kemnitz and C. Linke and M. Niemeyer and {Consentec GmbH}},
  date    = {2019-09},
  title   = {E-Mobility Stresstest: E.ON Netze mit überschaubaremAufwand bereit für die Mobilitätswende},
  url     = {https://www.consentec.de/wp-content/uploads/2019/09/18023_et_1909_60_2_Dorendorf.pdf},
  urldate = {2020-09-29},
  groups  = {Studien},
}

@Online{KBA2020,
  author  = {{Kraftfahrt-Bundesamt}},
  date    = {2020},
  title   = {Personenkraftwagen am 1. Januar 2020 nach ausgewählten Merkmalen},
  url     = {https://www.kba.de/DE/Statistik/Fahrzeuge/Bestand/Jahresbilanz/fz_b_jahresbilanz_archiv/2020/2020_b_barometer.html;jsessionid=F163E76E4F0158E9C37D3059EAEFFB59.live21304?nn=2598042},
  urldate = {2020-10-15},
  groups  = {Website},
}

@Online{KBASegments2020,
  author   = {{Kraftfahrt-Bundesamt}},
  date     = {2020},
  title    = {Fahrzeugzulassungen (FZ)},
  url      = {https://www.kba.de/SharedDocs/Publikationen/DE/Statistik/Fahrzeuge/FZ/2020/fz12_2020_xlsx.xlsx?__blob=publicationFile&v=5},
  urldate  = {2020-10-15},
  subtitle = {{Bestand an Personenkraftwagen nach Segmenten und Modellreihen am 1. Januar 2020 gegenüber 1. Januar 2019}},
  groups   = {Data},
}

@Online{Heinfellner2015,
  author   = {Holger Heinfellner and Nikolaus Ibesich and Günther Lichtblau and Christian Nagl and Barbara Schodl and Gudrun Stranner},
  date     = {2015-10},
  title    = {Informationen zur Umweltpolitik - 189},
  url      = {https://www.arbeiterkammer.at/infopool/wien/informationen_zur_Umweltpolitik_189_1.pdf},
  urldate  = {2020-10-19},
  subtitle = {Pkw-Emissionen zwischen Norm- und Realverbrauch},
  groups   = {Studien},
}

@Online{Rikus2015,
  author   = {Simon Rikus and Stephan Hoffmann and Tudor Ungureanu and Stefan Rommerskirchen and Miriam Plesker},
  date     = {2015-01-23},
  title    = {FAT-Schriftreihe 271},
  url      = {https://www.vda.de/de/services/Publikationen/fat-schriftenreihe-271.html},
  urldate  = {2020-10-22},
  subtitle = {Auskunft über verfügbare Parkplätze in Städten},
  groups   = {Studien},
}

@Online{dena2020,
  author   = {{Deutsche Energie-Agentur GmbH (dena)} and {Prognos AG}},
  date     = {2020-04},
  title    = {dena-STUDIE},
  url      = {https://www.dena.de/fileadmin/dena/Publikationen/PDFs/2020/dena-STUDIE_Privates_Ladeinfrastrukturpotenzial_in_Deutschland.pdf},
  urldate  = {2020-10-22},
  subtitle = {Privates Ladeinfrastrukturpotenzial in Deutschland},
  groups   = {Studien},
}

@Online{Ecke2020,
  author   = {Lisa Ecke and Bastian Chlond and Miriam Magdolen and Peter Vortisch},
  date     = {2020-09-30},
  title    = {Deutsches Mobilitätspanel (MOP)},
  url      = {http://mobilitaetspanel.ifv.kit.edu/downloads/Bericht_MOP_19_20.pdf},
  urldate  = {2020-10-22},
  subtitle = {Wissenschaftliche Begleitung und Auswertungen Bericht 2019/2020: Alltagsmobilität},
  groups   = {Studien},
}

@Online{BundesnetzagenturElektrizitaet2020,
  author  = {{Bundesnetzagentur für Elektrizität, Gas, Telekommunikation, Post und Eisenbahnen}},
  date    = {2020-09-09},
  title   = {Ladesäulenkarte},
  url     = {https://www.bundesnetzagentur.de/DE/Sachgebiete/ElektrizitaetundGas/Unternehmen_Institutionen/HandelundVertrieb/Ladesaeulenkarte/Ladesaeulenkarte_node.html},
  urldate = {2020-10-23},
  groups  = {Data},
}

@Online{Weemaes2020,
  author  = {Guy Weemaes},
  date    = {2020-10-21},
  title   = {Stromtankstellen Statistik Deutschland},
  url     = {https://www.goingelectric.de/stromtankstellen/statistik/Deutschland/},
  urldate = {2020-10-23},
  groups  = {Data},
}

@Online{Mueller2019,
  author   = {Ulf Philipp Müller and Birgit Schachler and Wolf-Dieter Bunke and Julian Bartels and Martin Glauer and Clara Büttner and Stephan Günther and Editha Kötter and Ilka Cußmann and Ludwig Hülk and Malte Scharf and Till Mossakowski and Jochen Wendiggensen and Guido Plessmann and Jonathan Amme and Martin Söthe and Katharina Esterl and Eva Wiechers},
  date     = {2019-04},
  title    = {Netzebenenübergreifendes Planungsinstrument - zur Bestimmung des optimalen Netz- und Speicherausbaus in Deutschland - integriert in einer OpenEnergyPlatform},
  url      = {https://www.uni-flensburg.de/fileadmin/content/abteilungen/industrial/dokumente/downloads/veroeffentlichungen/forschungsergebnisse/20190426endbericht-openego-fkz0325881-final.pdf},
  urldate  = {2020-10-26},
  subtitle = {open\_eGo Projektabschlussbericht},
  groups   = {Studien},
}

@Online{ifeu2018,
  author   = {{ifeu – Institut für Energie- und Umweltforschung Heidelberg GmbH} and {Fraunhofer-Institut für Energiewirtschaft und Energiesystemtechnik (Fraunhofer IEE)} and {Consentec GmbH}},
  date     = {2018-11},
  title    = {Wert der Effizienz im Gebäudesektor in Zeiten der Sektorenkopplung},
  url      = {https://www.agora-energiewende.de/fileadmin2/Projekte/2017/Heat_System_Benefit/143_Heat_System_benefits_WEB.pdf},
  urldate  = {2020-10-26},
  subtitle = {Endbericht einer Studie vom Institut für Energie- und Umweltforschung Heidelberg (ifeu), dem Fraunhofer IEE und Consentec},
  groups   = {Studien},
}

@Online{ISGH2017,
  author  = {{infas Institut für angewandte Sozialwissenschaft GmbH}},
  date    = {2017},
  title   = {Mobilität in Deutschland (MiD)},
  url     = {http://www.mobilitaet-in-deutschland.de/index.html},
  urldate = {2020-11-24},
  groups  = {Website},
}

@Online{KBAPLZ2020,
  author  = {{Kraftfahrt-Bundesamt}},
  date    = {2020-01-01},
  title   = {Kraftfahrzeugen und Kraftfahrzeuganhängern nach Zulassungsbezirken},
  url     = {https://www.kba.de/SharedDocs/Publikationen/DE/Statistik/Fahrzeuge/FZ/2020/fz1_2020_xlsx.xlsx?__blob=publicationFile&v=8},
  urldate = {2020-11-25},
  groups  = {Data},
}

@Online{BMVI2020,
  author   = {{Bundesministerium für Verkehr und digitale Infrastruktur}},
  date     = {2020-11},
  title    = {Regionalstatistische Raumtypologie (RegioStaR)},
  url      = {https://www.bmvi.de/SharedDocs/DE/Artikel/G/regionalstatistische-raumtypologie.html},
  urldate  = {2020-12-26},
  subtitle = {(letzte Aktualisierung: November 2020)},
  groups   = {Website},
}

@Online{EDG2020,
  author  = {{Esri Deutschland GmbH}},
  date    = {2020-03},
  title   = {Gemeindegrenzen 2017 mit Einwohnerzahl},
  url     = {https://opendata-esri-de.opendata.arcgis.com/datasets/esri-de-content::gemeindegrenzen-2017-mit-einwohnerzahl?selectedAttribute=BEZ},
  urldate = {2020-12-26},
  groups  = {Data},
}

@Online{BMVIa2020,
  author  = {{Bundesministerium für Verkehr und digitale Infrastruktur}},
  date    = {2020-11},
  title   = {RegioStaR – Referenzdateien zur regionalstatistischen Raumtypologie},
  url     = {https://www.bmvi.de/SharedDocs/DE/Anlage/G/regiostar-referenzdateien.xlsx?__blob=publicationFile},
  urldate = {2020-12-26},
  groups  = {Data},
}

@Online{dingo2019,
  author  = {{openego project group}},
  date    = {2019-10-07},
  title   = {{DIstribution Network Generat0r}},
  url     = {https://github.com/openego/ding0},
  urldate = {2021-01-02},
  groups  = {Website},
}

@Online{dingo-docs2019,
  author  = {open\_eGo-Team},
  date    = {2019},
  title   = {DIstribution Network Generat0r},
  url     = {https://dingo.readthedocs.io/en/dev/},
  urldate = {2021-01-02},
  groups  = {Website},
}

@Article{scikit-learn2011,
  author  = {F. Pedregosa and G. Varoquaux and A. Gramfort and V. Michel and B. Thirion and O. Grisel and M. Blondel and P. Prettenhofer and R. Weiss and V. Dubourg and J. Vanderplas and A. Passos and D. Cournapeau and M. Brucher and M. Perrot and E. Duchesnay},
  date    = {2011},
  journal = {Journal of Machine Learning Research},
  title   = {Scikit-learn: Machine Learning in {P}ython},
  year    = {2011},
  pages   = {2825--2830},
  volume  = {12},
  groups  = {Studien},
}

@Online{WNG2020,
  author  = {{WA Notstromtechnik GmbH}},
  date    = {2020},
  title   = {Netzformen der Stromverteilungen},
  url     = {https://www.wa-stromerzeuger.de/zusatzinformationen-stromerzeuger/netzform/},
  urldate = {2021-01-03},
  groups  = {Website},
}

@Online{Westermann2019,
  author  = {Manuel Westermann},
  date    = {2019-09-12},
  title   = {Wenn der Strom weg ist},
  url     = {https://blog.energiedienst.de/wenn-der-strom-weg-ist/},
  urldate = {2021-01-03},
  groups  = {Website},
}

@Online{BMWiNetz,
  author   = {{Bundesministerium für Wirtschaft und Energie (BMWi)}},
  title    = {Die Energiewende in Deutschland},
  url      = {https://www.bmwi.de/Redaktion/DE/Downloads/S-T/abbildung-das-deutsche-stromnetz.pdf?__blob=publicationFile&v=1},
  urldate  = {2021-01-03},
  subtitle = {Das deutsche Stromnetz},
  groups   = {Website},
}

@Online{BNetzA2017,
  author   = {{Bundesnetzagentur für Elektrizität, Gas, Telekommunikation, Post und Eisenbahnen}},
  date     = {2017-04-03},
  title    = {Flexibilität im Stromversorgungssystem},
  url      = {https://www.bundesnetzagentur.de/SharedDocs/Downloads/DE/Sachgebiete/Energie/Unternehmen_Institutionen/NetzentwicklungUndSmartGrid/BNetzA_Flexibilitaetspapier.pdf?__blob=publicationFile&v=1},
  urldate  = {2021-01-04},
  subtitle = {Bestandsaufnahme, Hemmnisse und Ansätze zur verbesserten Erschließung von Flexibilität},
  groups   = {Studien},
}

@Misc{IEA2014,
  author   = {{International Energy Agency}},
  date     = {2014},
  subtitle = {Wind, Sun and the Economics of Flexible Power Systems},
  title    = {The Power of Transformation},
  groups   = {Studien},
  year     = {2014},
}

@Article{He2020,
  author  = {Tingting He and Dylan Dah-Chuan Lu and Mingli Wu and Qinyao Yang and Teng Li and Qiujiang Liu},
  date    = {2021},
  doi     = {https://doi.org/10.3390/en14010181},
  journal = {Energies},
  title   = {Four-Quadrant Operations of Bidirectional Chargers for Electric Vehicles in Smart Car Parks: G2V, V2G, and V4G},
  year    = {2021},
  number  = {14},
  pages   = {181},
  groups  = {Studien},
}

@Online{VanderPlas2016,
  author   = {Jake VanderPlas},
  date     = {2016-11},
  title    = {Python Data Science Handbook},
  url      = {https://jakevdp.github.io/PythonDataScienceHandbook/06.00-figure-code.html#Expectation-Maximization},
  urldate  = {2021-01-14},
  subtitle = {Essential Tools for Working with Data},
  groups   = {Website},
}

@Online{EEHPG2015,
  author   = {{ENTSO-E e-Highway 2050 Project Group}},
  date     = {2015},
  title    = {e-HIGHWAY 2050 Modular Development Plan of the Pan-European Transmission System 2050},
  url      = {https://docs.entsoe.eu/baltic-conf/bites/www.e-highway2050.eu/fileadmin/documents/Results/e-Highway_database_per_country-08022016.xlsx},
  urldate  = {2021-02-07},
  subtitle = {e-Highway database per country},
  groups   = {Data},
}

@Unpublished{Schachler,
  author = {Birgit Schachler and Anya Heider and Tim Röpcke and Ricardo Reibsch},
  note   = {nichtöffentlich},
  title  = {E-Mobility Study - Assessment of coordinated charging considering distribution grid restrictions},
  month  = nov,
  year   = {2020},
  groups = {Studien},
}

@Online{edisgoDocs2017,
  author  = {open\_eGo-Team},
  title   = {Electricity Distribution Grid Optimization},
  url     = {https://edisgo.readthedocs.io/en/dev/index.html},
  urldate = {2021-02-07},
  groups  = {Website},
  year    = {2017},
}

@Online{edisgoGit2019,
  author  = {{Reiner Lemoine Institut gGmbH}},
  title   = {Electricity Distribution Grid Optimization},
  url     = {https://github.com/openego/eDisGo},
  urldate = {2021-02-07},
  groups  = {Website},
  year    = {2019},
}

@Article{Amme2018,
  author  = {Jonathan Amme and Guido Pleßmann and Jochen Bühler and Ludwig Hülk and Editha Koetter and P. Schwaeger},
  date    = {2018-02},
  doi     = {10.1088/1742-6596/977/1/012007},
  journal = {Journal of Physics Conference Series},
  title   = {The eGo grid model: An open-source and open-data based synthetic medium-voltage grid model for distribution power supply systems},
  year    = {2018},
  pages   = {012007},
  volume  = {977},
  groups  = {Studien},
}

@Online{Rehtanz2017,
  author  = {Christian Rehtanz and Marco Greve and Ulf Häger and Zita Hagemann and Stefan Kippelt and Chris Kittl and Marie-Louise Kloubert and Oliver Pohl and Florian Rewald and Christian Wagner},
  date    = {2017-04-13},
  title   = {Verteilnetzstudie für das Land Baden-Württemberg},
  url     = {https://um.baden-wuerttemberg.de/fileadmin/redaktion/m-um/intern/Dateien/Dokumente/5_Energie/Versorgungssicherheit/170413_Verteilnetzstudie_BW.pdf},
  urldate = {2021-02-08},
  groups  = {Studien},
}

@Online{Brown2020a,
  author  = {Tom Brown and Jonas Hoersch and Fabian Hofmann and Fabian Neumann (KIT) and David Schlachtberger},
  date    = {2020},
  title   = {PyPSA: Power Flow},
  url     = {https://pypsa.readthedocs.io/en/latest/power_flow.html},
  urldate = {2021-02-09},
  groups  = {Website},
}

@Online{Brown2020,
  author  = {Tom Brown and Jonas Hoersch and Fabian Hofmann and Fabian Neumann (KIT) and David Schlachtberger},
  title   = {PyPSA: Python for Power System Analysis},
  url     = {https://pypsa.readthedocs.io/en/latest/index.html},
  urldate = {2021-02-09},
  groups  = {Website},
  year    = {2020},
}

@Article{Mueller2019a,
  author         = {Ulf Philipp Müller and Birgit Schachler and Malte Scharf and Wolf-Dieter Bunke and Stephan Günther and Julian Bartels and Guido Pleßmann},
  date           = {2019-05-31},
  doi            = {10.3390/en12112091},
  journal        = {Energies},
  title          = {Integrated Techno-Economic Power System Planning of Transmission and Distribution Grids},
  year           = {2019},
  issn           = {1996-1073},
  number         = {11},
  volume         = {12},
  abstract       = {The energy transition towards renewable and more distributed power production triggers the need for grid and storage expansion on all voltage levels. Today&rsquo;s power system planning focuses on certain voltage levels or spatial resolutions. In this work we present an open source software tool eGo which is able to optimize grid and storage expansion throughout all voltage levels in a developed top-down approach. Operation and investment costs are minimized by applying a multi-period linear optimal power flow considering the grid infrastructure of the extra-high and high-voltage (380 to 110 kV) level. Hence, the common differentiation of transmission and distribution grid is partly dissolved, integrating the high-voltage level into the optimization problem. Consecutively, optimized curtailment and storage units are allocated in the medium voltage grid in order to lower medium and low voltage grid expansion needs, that are consequently determined. Here, heuristic optimization methods using the non-linear power flow were developed. Applying the tool on future scenarios we derived cost-efficient grid and storage expansion for all voltage levels in Germany. Due to the integrated approach, storage expansion and curtailment can significantly lower grid expansion costs in medium and low voltage grids and at the same time serve the optimal functioning of the overall system. Nevertheless, the cost-reducing effect for the whole of Germany was marginal. Instead, the consideration of realistic, spatially differentiated time series led to substantial overall savings.},
  article-number = {2091},
  groups         = {Studien},
  url            = {https://www.mdpi.com/1996-1073/12/11/2091},
}

@Online{Paschotta2020,
  author  = {Rüdiger Paschotta},
  date    = {2020-09-20},
  title   = {Stromnetz},
  url     = {https://www.energie-lexikon.info/stromnetz.html},
  urldate = {2021-02-10},
  groups  = {Website},
}

@Online{EliaGroup2020,
  author   = {{Elia Group}},
  date     = {2020-11-20},
  title    = {Accelerating to net-zero: redefining energy and mobility},
  url      = {https://www.elia.be/-/media/project/elia/shared/documents/elia-group/publications/studies-and-reports/20201120_accelerating-to-net-zero-redefining-energy-and-mobility.pdf},
  urldate  = {2021-02-11},
  subtitle = {Aligning EV driver comfort with the needs of the power system in a new energy value chain},
  groups   = {Studien},
}

@Online{StatistischesBundesamt2011,
  author  = {{Statistisches Bundesamt}},
  date    = {2011},
  title   = {Ergebnisse des Zensus 2011 zum Download - erweitert},
  url     = {https://www.zensus2011.de/DE/Home/Aktuelles/DemografischeGrunddaten.html},
  urldate = {2021-02-11},
  groups  = {Website},
}

@Online{OpenStreetMapFoundation,
  author  = {{ OpenStreetMap Foundation (OSMF)}},
  title   = {OpenStreetMap},
  url     = {https://www.openstreetmap.org/},
  urldate = {2021-02-11},
  groups  = {Website},
}

@Article{harris2020array,
  author    = {Charles R. Harris and K. Jarrod Millman and St{'{e}}fan J. van der Walt and Ralf Gommers and Pauli Virtanen and David Cournapeau and Eric Wieser and Julian Taylor and Sebastian Berg and Nathaniel J. Smith and Robert Kern and Matti Picus and Stephan Hoyer and Marten H. van Kerkwijk and Matthew Brett and Allan Haldane and Jaime Fern{'{a}}ndez del R{'{\i}}o and Mark Wiebe and Pearu Peterson and Pierre G{'{e}}rard-Marchant and Kevin Sheppard and Tyler Reddy and Warren Weckesser and Hameer Abbasi and Christoph Gohlke and Travis E. Oliphant},
  date      = {2020-09},
  doi       = {10.1038/s41586-020-2649-2},
  journal   = {Nature},
  title     = {Array programming with {NumPy}},
  year      = {2020},
  month     = sep,
  number    = {7825},
  pages     = {357--362},
  volume    = {585},
  groups    = {Studien},
  publisher = {Springer Science and Business Media {LLC}},
  url       = {https://doi.org/10.1038/s41586-020-2649-2},
}

@Online{Paschotta2020a,
  author  = {Rüdiger Paschotta},
  date    = {2020-03-14},
  title   = {Residuallast},
  url     = {https://www.energie-lexikon.info/residuallast.html},
  urldate = {2021-02-11},
  groups  = {Website},
}

@Online{Nobis2019,
  author   = {Claudia Nobis and Tobias Kuhnimhof},
  date     = {2019-02},
  title    = {Mobilität in Deutschland - MiD},
  url      = {http://www.mobilitaet-in-deutschland.de/pdf/MiD2017_Ergebnisbericht.pdf},
  urldate  = {2021-02-19},
  subtitle = {Ergebnisbericht},
  groups   = {Studien},
}

@Online{CHECK24GmbH2018,
  author   = {{CHECK24 GmbH}},
  date     = {2018-02},
  title    = {Durchschnittliche Pkw-Fahrleistung 2017},
  url      = {https://www.check24.de/files/p/2018/1/b/e/12499-2018-02-19_check24_studie_durchschnittliche-fahrleistung.pdf},
  urldate  = {2021-02-19},
  subtitle = {nach Wohnort, Alter und Geschlecht des Versicherungsnehmers},
  groups   = {Studien},
}

@Comment{jabref-meta: databaseType:bibtex;}

@Comment{jabref-meta: grouping:
0 AllEntriesGroup:;
1 StaticGroup:Studien\;0\;0\;0x001a80ff\;\;\;;
1 StaticGroup:Website\;0\;1\;0x8a8a8aff\;\;\;;
1 StaticGroup:Data\;0\;1\;0xff0000ff\;\;\;;
}

@Comment{jabref-entrytype: online: req[author;date;title;url;urldate] opt[subtitle]}
